@ARTICLE{bojanowski2016enriching,
  author    = "{Bojanowski, Piotr and Grave, Edouard and Joulin, Armand and Mikolov, Tomas}",
  title     = "{Enriching word vectors with subword information}",
  journal   = "{arXiv preprint arXiv:1607.04606}",
  year      = "{2016}"
}
@ARTICLE{jegadeesh2013word,
  author    = "{Jegadeesh, Narasimhan and Wu, Di}",
  title     = "{Word power: A new approach for content analysis}",
  journal   = "{Journal of Financial Economics}",
  volume    = "{110}",
  number    = "{3}",
  pages     = "{712--729}",
  year      = "{2013}",
  publisher = "{Elsevier}"
}
@ARTICLE{joulin2016bag,
  author    = "{Joulin, Armand and Grave, Edouard and Bojanowski, Piotr and Mikolov, Tomas}",
  title     = "{Bag of tricks for efficient text classification}",
  journal   = "{arXiv preprint arXiv:1607.01759}",
  year      = "{2016}"
}
@inproceedings{kenter2016siamese,
  author    = "{Kenter, Tom  and  Borisov, Alexey  and  de Rijke, Maarten}",
  title     = "{Siamese CBOW: Optimizing word embeddings for sentence representations}",
  booktitle = "{Proceedings of the 54th Annual Meeting of the Association for Computational Linguistics (Volume 1: Long Papers)}",
  series    = "{ACL '16}",
  year      = "{2016}",
  pages     = "{941--951}"
}
@ARTICLE{loughran2011liability,
    author  = "{Loughran, Tim and McDonald, Bill}",
    title   = "{When is a liability not a liability? Textual analysis, dictionaries, and 10-Ks}",
    journal = "{Journal of Finance}",
    volume  = "{66}",
    number  = "{1}",
    pages   = "{35-65}",
    year    = "{2011}",
    publisher = "{Wiley Online Library}"
}
@ARTICLE{loughran2016textual,
  author    = "{Loughran, Tim and McDonald, Bill}",
  title     = "{Textual analysis in accounting and finance: A survey}",
  journal   = "{Journal of Accounting Research}",
  volume    = "{54}",
  number    = "{4}",
  pages     = "{1187--1230}",
  year      = "{2016}",
  publisher = "{Wiley Online Library}"
}
@inproceedings{liu2016fin10k,
  title     = "{FIN10K: A Web-based Information System for Financial Report Analysis and Visualization}",
  author    = "{Liu, Yu-Wen and Liu, Liang-Chih and Wang, Chuan-Ju and Tsai, Ming-Feng}",
  booktitle = "{Proceedings of the 25th ACM International on Conference on Information and Knowledge Management}",
  pages     = "{2441--2444}",
  year      = "{2016}",
  organization = "{ACM}"
}

@INPROCEEDINGS{clark:pct,
    author  = "{Malcolm Clark}",
    TITLE   = "{Post Congress Tristesse}",
    BOOKTITLE = "{TeX90 Conference Proceedings}",
    PAGES   = "{84-89}",
    ORGANIZATION = "{TeX Users Group}",
    MONTH   = "{March}",
    YEAR    = "{1991}"
}

@ARTICLE{herlihy:methodology,
    author  = "{Herlihy, Maurice}",
    title   = "{A Methodology for Implementing Highly Concurrent Data Objects}",
    journal = "{ACM Trans. Program. Lang. Syst.}",
    volume  = "{15}",
    number  = "{5}",
    pages   = "{745-770}",
    month   = "{November}",
    year    = "{1993}",
    doi     = "{10.1145/161468.161469}"
}

@BOOK{Lamport:LaTeX,
    AUTHOR  = "{Leslie Lamport}",
    TITLE   = "{LaTeX User's Guide and Document Reference Manual}",
    PUBLISHER = "{Addison-Wesley Publishing Company}",
    ADDRESS = "{Reading, Massachusetts}",
    YEAR    = "{1986}"
}

@BOOK{salas:calculus,
    AUTHOR  = "{S.L. Salas and Einar Hille}",
    TITLE   = "{Calculus: One and Several Variable}",
    PUBLISHER = "{John Wiley and Sons}",
    ADDRESS = "{New York}",
    YEAR    = "{1978}"
}

@MANUAL{Fear05,
  title     = "{Publication quality tables in {\LaTeX}}",
  author    = "{Simon Fear}",
  month     = "{April}",
  year      = "{2005}",
  note      = "{\url{http://www.ctan.org/pkg/booktabs}}"
}

@Manual{Amsthm15,
  title     = "{Using the amsthm Package}",
  organization = "{American Mathematical Society}",
  month     = "{April}",
  year      = "{2015}",
  note      = "{\url{http://www.ctan.org/pkg/amsthm}}"
}
@article{Tsai:2016:DFK:2991040.2948072,
 author     = "{Tsai, Ming-Feng and Wang, Chuan-Ju and Chien, Po-Chuan}",
 title      = "{Discovering finance keywords via continuous-space language models}",
 journal    = "{ACM Transactions on Management Information Systems}",
 volume     = "{7}",
 number     = "{3}",
 year       = "{2016}",
 pages      = "{7:1--7:17}",
 articleno  = "{7}",
 numpages   = "{17}",
 publisher  = "{ACM}",
 address    = "{New York, NY, USA}",
 keywords   = "{Continuous-space language model, finance, text mining}",
}
@article{tsai2017risk,
  title     = "{On the risk prediction and analysis of soft information in finance reports}",
  author    = "{Tsai, Ming-Feng and Wang, Chuan-Ju}",
  journal   = "{European Journal of Operational Research}",
  volume    = "{257}",
  number    = "{1}",
  pages     = "{243--250}",
  year      = "{2017}",
  publisher = "{Elsevier}"
}
@article{denis2008firms,
  title     = "{Why do firms pay dividends? International evidence on the determinants of dividend policy}",
  author    = "{Denis, David J and Osobov, Igor}",
  journal   = "{Journal of Financial Economics}",
  volume    = "{89}",
  number    = "{1}",
  pages     = "{62--82}",
  year      = "{2008}",
  publisher = "{Elsevier}"
}
@inproceedings{kogan2009predicting,
  title     = "{Predicting risk from financial reports with regression}",
  author    = "{Kogan, Shimon and Levin, Dimitry and Routledge, Bryan R and Sagi, Jacob S and Smith, Noah A}",
  booktitle = "{Proceedings of the 2009 Annual Conference of the North American Chapter of the Association for Computational Linguistics}",
  series    = "{NAACL '09}",
  pages     = "{272--280}",
  year      = "{2009}",
}
@inproceedings{rekabsaz2017volatility,
  title     = "{Volatility prediction using financial disclosures sentiments with word embedding-based IR models}",
  author    = "{Rekabsaz, Navid and Lupu, Mihai and Baklanov, Artem and Hanbury, Allan and D{\"u}r, Alexander and Anderson, Linda}",
  booktitle = "{Proceedings of the 55th Annual Meeting of the Association for Computational Linguistics (Volume 1: Long Papers)}",
  series    = "{ACL '17}",
  year      = "{2017}",
}
@inproceedings{Mikolov:2013:DRW:2999792.2999959,
 author     = "{Mikolov, Tomas and Sutskever, Ilya and Chen, Kai and Corrado, Greg and Dean, Jeffrey}",
 title      = "{Distributed representations of words and phrases and their compositionality}",
 booktitle  = "{Proceedings of the 26th International Conference on Neural Information Processing Systems}",
 series     = "{NIPS '13}",
 year       = "{2013}",
 pages      = "{3111--3119}"
}
@inproceedings{Kiros:2015:SV:2969442.2969607,
 author     = "{Kiros, Ryan and Zhu, Yukun and Salakhutdinov, Ruslan and Zemel, Richard S. and Torralba, Antonio and Urtasun, Raquel and Fidler, Sanja}",
 title      = "{Skip-thought vectors}",
 booktitle  = "{Proceedings of the 28th International Conference on Neural Information Processing Systems}",
 series     = "{NIPS '15}",
 year       = "{2015}",
 pages      = "{3294--3302}",
}

Those fields that are not to be changed can be left out.
@IEEEtranBSTCTL{IEEEexample:BSTcontrol,
  CTLuse_article_number     = "yes",
  CTLuse_paper              = "yes",
  CTLuse_forced_etal        = "no",
  CTLmax_names_forced_etal  = "10",
  CTLnames_show_etal        = "1",
  CTLuse_alt_spacing        = "yes",
  CTLalt_stretch_factor     = "4",
  CTLdash_repeated_names    = "yes",
  CTLname_format_string     = "{f.~}{vv~}{ll}{, jj}",
  CTLname_latex_cmd         = "",
  CTLname_url_prefix        = "[Online]. Available:"
}
